<record><leader>00000cas a22000007a 4500</leader><controlfield tag="001">20764098</controlfield><controlfield tag="008">891211d19771978ohuwr ne      0    0eng d</controlfield><datafield ind1=" " ind2=" " tag="010"><subfield code="a">sn 89076162 </subfield></datafield><datafield ind1=" " ind2=" " tag="040"><subfield code="a">ONP</subfield><subfield code="b">eng</subfield><subfield code="c">ONP</subfield><subfield code="d">OCLCQ</subfield></datafield><datafield ind1=" " ind2=" " tag="042"><subfield code="a">msc</subfield></datafield><datafield ind1="0" ind2="0" tag="245"><subfield code="a">Athens "A" news.</subfield></datafield><datafield ind1=" " ind2=" " tag="260"><subfield code="a">[Athens, Ohio] :</subfield><subfield code="b">Bruce A. Mitchell,</subfield><subfield code="c">1977-1978.</subfield></datafield><datafield ind1=" " ind2=" " tag="300"><subfield code="a">v.</subfield></datafield><datafield ind1=" " ind2=" " tag="310"><subfield code="a">Weekly,</subfield><subfield code="b">Aug. 24, 1978-Dec. 21, 1978</subfield></datafield><datafield ind1=" " ind2=" " tag="321"><subfield code="a">Irregular,</subfield><subfield code="b">Mar. 1977-July 18, 1977</subfield></datafield><datafield ind1=" " ind2=" " tag="321"><subfield code="a">Biweekly,</subfield><subfield code="b">Sept. 12, 1977-Aug. 10, 1978</subfield></datafield><datafield ind1="0" ind2=" " tag="362"><subfield code="a">Vol. 1, no. 1 [(Mar. 1977)]-v. 2, issue 33 (Dec. 21, 1978).</subfield></datafield><datafield ind1=" " ind2=" " tag="752"><subfield code="a">United States</subfield><subfield code="b">Ohio</subfield><subfield code="c">Athens</subfield><subfield code="d">Athens.</subfield></datafield><datafield ind1="0" ind2="0" tag="785"><subfield code="t">Athens news (Athens, Ohio)</subfield><subfield code="w">(DLC)sn 85007654</subfield></datafield></record>